<record><leader>00000cas a22000007a 4500</leader><controlfield tag="001">14409103</controlfield><controlfield tag="008">861017d19031917paucr ne      0    0eng d</controlfield><datafield ind1=" " ind2=" " tag="010"><subfield code="a">sn 86081878 </subfield></datafield><datafield ind1=" " ind2=" " tag="040"><subfield code="a">NPH</subfield><subfield code="b">eng</subfield><subfield code="c">NPH</subfield><subfield code="d">OCLCQ</subfield></datafield><datafield ind1=" " ind2=" " tag="042"><subfield code="a">msc</subfield></datafield><datafield ind1="0" ind2="4" tag="245"><subfield code="a">The Twice a week republican.</subfield></datafield><datafield ind1=" " ind2=" " tag="260"><subfield code="a">Mount Union, Pa. :</subfield><subfield code="b">T.A. Appleby,</subfield><subfield code="c">-1917.</subfield></datafield><datafield ind1=" " ind2=" " tag="300"><subfield code="a">v. ;</subfield><subfield code="c">56 cm.</subfield></datafield><datafield ind1=" " ind2=" " tag="310"><subfield code="a">Semiweekly</subfield></datafield><datafield ind1="1" ind2=" " tag="362"><subfield code="a">Began in 1903.</subfield><subfield code="z">Cf. Rossell, G. Pa. newspapers.</subfield></datafield><datafield ind1="0" ind2=" " tag="362"><subfield code="a">-v. 14, no. 92 (Oct. 2, 1917).</subfield></datafield><datafield ind1=" " ind2=" " tag="500"><subfield code="a">Published every Tuesday and Friday.</subfield></datafield><datafield ind1=" " ind2=" " tag="588"><subfield code="a">Description based on: Vol. 2, no. 86 (Apr. 11, 1905).</subfield></datafield><datafield ind1=" " ind2=" " tag="752"><subfield code="a">United States</subfield><subfield code="b">Pennsylvania</subfield><subfield code="c">Huntingdon</subfield><subfield code="d">Mount Union.</subfield></datafield><datafield ind1="0" ind2="0" tag="785"><subfield code="t">Mount Union republican</subfield><subfield code="w">(DLC)sn 86081877</subfield></datafield></record>